@Comment{
    Copyright (C) 2008 Andrés M. Sajo C. -- andres_sajo_AT_yahoo.com
    LICENCIA GFDL
    Se autoriza  la  copia, distribución  y/o  modificación  de este documento bajo
    los términos de la Licencia de documentación libre GNU, versión 1.2 o cualquier
    otra que  posteriormente  publique la Free  Software Foundation;  sin secciones
    invariables,  textos  de  portada, ni  textos de  contraportada. Se incluye una
    copia en inglés de dicha licencia en el archivo "GFDL".
}

@BOOK{cmsbarker,
	author = "Deane Barker",
	title = "Web Content Management: Systems, Features, and Best Practices",
	publisher = "O'Reilly Media",
	year = "2016",
	isbn = " 978-1491908129"
}


@ARTICLE{mvckrasner,
    author = {Glen E. Krasner and Stephen T. Pope},
    title = {A cookbook for using the model-view-controller user interface paradigm in Smalltalk-80},
    journal = {Journal of Object-Oriented Programming},
    year = {1988},
    volume = {1},
    pages = {26--49}
}