@Comment{
    Copyright (C) 2008 Andrés M. Sajo C. -- andres_sajo_AT_yahoo.com
    LICENCIA GFDL
    Se autoriza  la  copia, distribución  y/o  modificación  de este documento bajo
    los términos de la Licencia de documentación libre GNU, versión 1.2 o cualquier
    otra que  posteriormente  publique la Free  Software Foundation;  sin secciones
    invariables,  textos  de  portada, ni  textos de  contraportada. Se incluye una
    copia en inglés de dicha licencia en el archivo "GFDL".
}

@BOOK{cmsBarker,
	author = {Deane Barker},
	title = {Web Content Management: Systems, Features, and Best Practices},
	publisher = {O'Reilly Media},
	year = {2016},
	isbn = {978-1491908129}
}

@BOOK{redesTanenbaum,
	author = {Andrew S. Tanenbaum and David J. Wetherall},
	title = {Computer Networks},
	publisher = {Pearson},
	year = {2010},
	isbn = {978-0132126953}
}

@ARTICLE{mvcKrasner,
    author = {Glen E. Krasner and Stephen T. Pope},
    title = {A cookbook for using the model-view-controller user interface paradigm in Smalltalk-80},
    journal = {Journal of Object-Oriented Programming},
    year = {1988},
    volume = {1},
    pages = {26-49}
}

@ARTICLE{41Kruchten,
    author = {Philippe B. Kruchten},
    title = {The 4+1 View Model of Architecture},
    journal = {IEEE Software},
    year = {1995},
    volume = {12},
    pages = {42-50}
}

@ONLINE{apiChristensson,
  author = {Per Christensson},
  title = {API Definition.},
  year = {2016},
  url = {https://techterms.com/definition/api},
  urldate = {2018-09-02}
}

@TechReport{webServiceW3C,
  author      = "David Booth and Francis McCabe and Christopher Ferris and Eric Newcomer and David Orchard and Mike Champion and Hugo Haas",
  title       = "Web Services Architecture",
  month       = feb,
  note        = "http://www.w3.org/TR/2004/NOTE-ws-arch-20040211/",
  year        = "2004",
  bibsource   = "http://w2.syronex.com/jmr/w3c-biblio",
  type        = "{W3C} Note",
  institution = "W3C",
}

@phdthesis{restFielding,
    title = {Architectural Styles and
the Design of Network-based Software Architectures},
    school = {University of California},
    author = {Fielding, Roy T.},
    year = {2000}
}

@ONLINE{asp.netMicrosoft,
  author = {Microsoft},
  title = {ASP.NET Overview.},
  year = {},
  url = {https://msdn.microsoft.com/en-us/library/4w3ex9c2.aspx},
  urldate = {2018-09-19}
}

@ONLINE{asp.netMVCMicrosoft,
  author = {Microsoft},
  title = {ASP.NET MVC 3.},
  year = {2010},
  url = {https://docs.microsoft.com/en-us/aspnet/mvc/mvc3},
  urldate = {2018-09-19}
}

@ONLINE{asp.netWebAPIMicrosoft,
  author = {Microsoft},
  title = {ASP.NET Web API.},
  year = {2010},
  url = {https://msdn.microsoft.com/en-us/library/hh833994(v=vs.108).aspx},
  urldate = {2018-09-19}
}

@ONLINE{scrumSchwaber,
  author = {Ken Schwaber and Jeff Sutherland},
  title = {The Scrum Guide},
  year = {2017},
  url = {https://www.scrumguides.org/scrum-guide.html},
}

@ONLINE{cSharpMicrosoft,
  author = {Microsoft},
  title = {Introduction to the C\# Language and the .NET Framework.},
  year = {2015},
  url = {https://docs.microsoft.com/en-us/dotnet/csharp/getting-started/introduction-to-the-csharp-language-and-the-net-framework},
  urldate = {2018-09-21}
}

@TechReport{htmlW3C,
  author      = "Sangwhan Moon and Travis Leithead and Arron Eicholz and Alex Danilo and Steve Faulkner",
  title       = "{HTML} 5.2",
  month       = dec,
  note        = "https://www.w3.org/TR/2017/REC-html52-20171214/",
  year        = "2017",
  bibsource   = "http://w2.syronex.com/jmr/w3c-biblio",
  type        = "{W3C} Recommendation",
  institution = "W3C",
}

@TechReport{cssW3C,
  author      = "H\aa{}kon Wium Lie and Chris Lilley and Ian Jacobs and Bert Bos",
  title       = "Cascading Style Sheets, level 2 (CSS2 Specification)",
  month       = apr,
  note        = "http://www.w3.org/TR/2008/REC-CSS2-20080411/",
  year        = "2008",
  bibsource   = "http://w2.syronex.com/jmr/w3c-biblio",
  type        = "{W3C} Recommendation",
  institution = "W3C",
}

@ONLINE{jsMozilla,
  author = {Mozilla Development Center},
  title = {What is Javascript?},
  year = {2018},
  url = {https://developer.mozilla.org/en-US/docs/Learn/JavaScript/First_steps/What_is_JavaScript},
  urldate = {2018-09-21}
}

@ONLINE{gitGit,
  author = {Git},
  title = {git},
  year = {2018},
  url = {https://git-scm.com/},
  urldate = {2018-09-21}
}

@ONLINE{visualStudioMicrosoft,
  author = {Microsoft},
  title = {Welcome to Visual Studio IDE.},
  year = {2018},
  url = {https://docs.microsoft.com/en-us/visualstudio/ide/visual-studio-ide?view=vs-2017},
  urldate = {2018-09-21}
}

@ONLINE{umbraco,
  author = {Umbraco},
  title = {The Flexible CMS},
  year = {2018},
  url = {https://umbraco.com/tour},
  urldate = {2018-09-26}
}

@ONLINE{umbracoDoctypes,
  author = {Umbraco},
  title = {Layout and Terminology},
  year = {2018},
  url = {https://umbraco.tv/videos/umbraco-v7/implementor/fundamentals/document-types/what-is-a-document-type/documentation},
  urldate = {2018-10-22}
}

@ONLINE{umbracoDatatypes,
  author = {Umbraco},
  title = {Property Editors and Data Types},
  year = {2018},
  url = {https://umbraco.tv/videos/umbraco-v7/content-editor/basics/introduction/property-editors-and-data-types//documentation},
  urldate = {2018-10-22}
}

@ONLINE{SSMSMicrosoft,
  author = {Microsoft},
  title = {SQL Server Management Studio (SSMS)},
  year = {2018},
  url = {https://docs.microsoft.com/en-us/sql/ssms/sql-server-management-studio-ssms?view=sql-server-2017},
  urldate = {2018-10-18}
}

@ONLINE{IISMicrosoft,
  author = {Microsoft},
  title = {Internet Information Services Homepage},
  year = {2018},
  url = {https://www.iis.net/},
  urldate = {2018-10-18}
}

@ONLINE{SQLServerMicrosoft,
  author = {Microsoft},
  title = {SQL Server Documentation},
  year = {2017},
  url = {https://docs.microsoft.com/en-us/sql/sql-server/sql-server-technical-documentation?view=sql-server-2017},
  urldate = {2018-10-18}
}

@ONLINE{visualStudioSolutionMicrosoft,
  author = {Microsoft},
  title = {Solution and projects in Visual Studio},
  year = {2017},
  url = {https://docs.microsoft.com/en-us/visualstudio/ide/solutions-and-projects-in-visual-studio?view=vs-2017},
  urldate = {2018-10-22}
}

@ONLINE{ajaxGarrett,
  author = {Jesse J. Garrett},
  title = {Ajax: A New Approach to Web Applications},
  year = {2005},
  url = {http://adaptivepath.org/ideas/ajax-new-approach-web-applications/},
  urldate = {2018-10-22}
}

@ONLINE{jsonMozilla,
  author = {Mozilla},
  title = {Ajax: A New Approach to Web Applications},
  year = {2018},
  url = {https://developer.mozilla.org/en-US/docs/Glossary/JSON},
  urldate = {2018-10-22}
}

@ONLINE{surfaceController,
  author = {Umbraco},
  title = {Surface Controllers},
  year = {2018},
  url = {https://our.umbraco.com/documentation/reference/routing/surface-controllers},
  urldate = {2018-10-22}
}

@ONLINE{apiController,
  author = {Umbraco},
  title = {Umbraco Api},
  year = {2018},
  url = {https://our.umbraco.com/documentation/reference/routing/webapi/},
  urldate = {2018-10-22}
}

@ONLINE{membersUmbraco,
  author = {Umbraco},
  title = {Members},
  year = {2018},
  url = {https://our.umbraco.com/documentation/getting-started/data/members/},
  urldate = {2018-10-22}
}